<?xml version="1.0" encoding="UTF-8"?><collection xmlns="http://www.loc.gov/MARC21/slim"><record><leader>00396nam--2200133-i-4500</leader><controlfield tag="001">000047588</controlfield><controlfield tag="002">20161230</controlfield><controlfield tag="005">20161230201046</controlfield><controlfield tag="008">060222s1000------------r-----000-0-eng-d</controlfield><datafield ind1=" " ind2=" " tag="080"><subfield code="a">539.12.01(061.3)</subfield></datafield><datafield ind1=" " ind2=" " tag="100"><subfield code="a">Workshop On Nuclear Chromodynamics. Quarks And Cluons In Particles And Nuclei</subfield></datafield><datafield ind1=" " ind2=" " tag="245"><subfield code="a">Singapore, world scientific, 1986, xi + 520p</subfield></datafield><datafield ind1=" " ind2=" " tag="700"><subfield code="a">Brodsky,S.Andmoniz,E</subfield></datafield><datafield ind1=" " ind2=" " tag="852"><subfield code="a">79124</subfield></datafield></record></collection>